<?xml version="1.0" encoding="UTF-8"?><collection xmlns="http://www.loc.gov/MARC21/slim"><record><leader>00599nam--2200181-u-4500</leader><controlfield tag="001">000054503</controlfield><controlfield tag="002">20161230</controlfield><controlfield tag="005">20161230201051</controlfield><controlfield tag="008">120113s1000------------r-----000-0-rus-d</controlfield><datafield ind1=" " ind2=" " tag="040"><subfield code="a">IFIN-HH</subfield></datafield><datafield ind1=" " ind2=" " tag="041"><subfield code="a">rus</subfield></datafield><datafield ind1=" " ind2=" " tag="080"><subfield code="a">539.123(061.3)</subfield></datafield><datafield ind1="1" ind2=" " tag="110"><subfield code="a">Obiedinennii Institut Iadernih Issledovanii</subfield></datafield><datafield ind1="1" ind2="0" tag="245"><subfield code="a">V. mejunarodnaia skola po neitronnoi fizike, alushta, 20-31 oktiobria 1986 g. sbornik lektii</subfield><subfield code="b">V. international school on neutron physics</subfield></datafield><datafield ind1=" " ind2=" " tag="260"><subfield code="a">Dubna</subfield><subfield code="b">Obiedinennii Institut Iadernih Issledovanii</subfield><subfield code="c">1987</subfield></datafield><datafield ind1=" " ind2=" " tag="300"><subfield code="a">480P</subfield></datafield><datafield ind1=" " ind2=" " tag="852"><subfield code="a">73711</subfield><subfield code="c">539.12</subfield></datafield><datafield ind1=" " ind2=" " tag="CAT"><subfield code="a">Sys</subfield><subfield code="c">20120113</subfield><subfield code="h">115352</subfield></datafield></record></collection>